<collection xmlns="http://www.loc.gov/MARC21/slim"><record><leader>00652nam  2200229   450</leader><controlfield tag="001">781</controlfield><controlfield tag="003">http://montalegre.opacnet.com/OPAC/default.aspx?ContentAreaControl=ShowRegHoldings.ascx&amp;RegNo=16662</controlfield><datafield tag="095" ind1=" " ind2=" "><subfield code="a">PTBN00264103</subfield></datafield><datafield tag="100" ind1=" " ind2=" "><subfield code="a">20071123d1984    k  y0pory0103    ba</subfield></datafield><datafield tag="101" ind1="0" ind2=" "><subfield code="a">por</subfield></datafield><datafield tag="102" ind1=" " ind2=" "><subfield code="a">PT</subfield></datafield><datafield tag="106" ind1=" " ind2=" "><subfield code="a">r</subfield></datafield><datafield tag="200" ind1="1" ind2=" "><subfield code="a">Estas searas</subfield><subfield code="e">contos e crónicas</subfield><subfield code="f">Ilse Losa</subfield></datafield><datafield tag="210" ind1=" " ind2=" "><subfield code="a">Lisboa</subfield><subfield code="c">Horizonte</subfield><subfield code="d">cop. 1984</subfield></datafield><datafield tag="215" ind1=" " ind2=" "><subfield code="a">104 p.</subfield><subfield code="d">21 cm</subfield></datafield><datafield tag="225" ind1="2" ind2=" "><subfield code="a">Encontro</subfield><subfield code="v">2</subfield></datafield><datafield tag="620" ind1=" " ind2=" "><subfield code="d">Lisboa</subfield></datafield><datafield tag="675" ind1=" " ind2=" "><subfield code="a">82-34</subfield></datafield><datafield tag="675" ind1=" " ind2=" "><subfield code="a">82-94</subfield></datafield><datafield tag="700" ind1=" " ind2="1"><subfield code="a">Losa</subfield><subfield code="b">Ilse</subfield><subfield code="f">1913-2006</subfield></datafield><datafield tag="801" ind1=" " ind2="0"><subfield code="a">PT</subfield><subfield code="b">Biblioteca Municipal de Montalegre</subfield><subfield code="g">RPC</subfield></datafield><datafield tag="856" ind1=" " ind2=" "><subfield code="u">locateMedia.asp?cod=20060621111705&amp;ext=jpg</subfield><subfield code="z">CAPA</subfield></datafield><datafield tag="909" ind1="&#9;" ind2=" "><subfield code="a">1</subfield></datafield><datafield tag="966" ind1=" " ind2=" "><subfield code="a">0008944</subfield><subfield code="l">BMM</subfield><subfield code="s">SCG 82-34 LOS est 2</subfield></datafield></record></collection>